<?xml version="1.0" encoding="UTF-8"?><record xmlns="http://www.loc.gov/MARC21/slim" xmlns:cinclude="http://apache.org/cocoon/include/1.0" xmlns:zs="http://www.loc.gov/zing/srw/">
  <leader>00576cz  a2200169n  4500</leader>
  <controlfield tag="001">nb2004015234</controlfield>
  <controlfield tag="003">DLC</controlfield>
  <controlfield tag="005">20130322090419.0</controlfield>
  <controlfield tag="008">040130n| azannaabn          |a aaa      </controlfield>
  <datafield tag="010" ind1=" " ind2=" ">
    <subfield code="a">nb2004015234</subfield>
  </datafield>
  <datafield tag="040" ind1=" " ind2=" ">
    <subfield code="a">Uk</subfield>
    <subfield code="b">eng</subfield>
    <subfield code="e">rda</subfield>
    <subfield code="c">Uk</subfield>
    <subfield code="d">Uk</subfield>
    <subfield code="d">DLC</subfield>
  </datafield>
  <datafield tag="046" ind1=" " ind2=" ">
    <subfield code="f">19441113</subfield>
  </datafield>
  <datafield tag="100" ind1="1" ind2=" ">
    <subfield code="a">Shaw, John,</subfield>
    <subfield code="d">1944 November 13-</subfield>
  </datafield>
  <datafield tag="400" ind1="1" ind2=" ">
    <subfield code="w">nnea</subfield>
    <subfield code="a">Shaw, John,</subfield>
    <subfield code="d">1944 Nov. 13-</subfield>
  </datafield>
  <datafield tag="667" ind1=" " ind2=" ">
    <subfield code="a">Formerly on undifferentiated name record n88055702</subfield>
  </datafield>
  <datafield tag="670" ind1=" " ind2=" ">
    <subfield code="a">Track construction, 2003:</subfield>
    <subfield code="b">t.p. (John Shaw) BL AL sent 24 Nov. 2003</subfield>
  </datafield>
  <datafield tag="670" ind1=" " ind2=" ">
    <subfield code="a">BL AL recd. 30 Jan. 2004</subfield>
    <subfield code="b">(John Winstanley Shaw, born 13 Nov. 1944)</subfield>
  </datafield>
</record>